@misc{ContinuumMechanics2020,
  author = {Itskov, M.},
  title  = {{Lecture notes on Continuum Mechanics}},
  year   = {2020},
  month  = march
}

@book{Wriggers,
  author       = {Wriggers, P.},
  title        = {{Nonlinear Finite Element Methods}},
  journaltitle = {SpringerLink},
  publisher    = {Springer}
}

@book{Itskov,
  author    = {Itskov, M.},
  title     = {{Tensor Algebra and Tensor Analysis for Engineers}},
  journal   = {SpringerLink},
  isbn      = {},
  year      = {2018},
  publisher = {Springer International Publishing},
  address   = {Cham, Switzerland},
  url       = {}
}

@article{Reese1998Sep,
  author    = {Reese, S. and Govindjee, S.},
  title     = {{A theory of finite viscoelasticity and numerical aspects}},
  journal   = {Int. J. Solids Struct.},
  volume    = {35},
  number    = {26},
  year      = {1998},
  month     = sep,
  publisher = {Pergamon},
  doi       = {}
}
@article{Kleuter2007Jul,
  author       = {Kleuter, B. and Menzel, A. and Steinmann, P.},
  title        = {{Generalized parameter identification for finite viscoelasticity}},
  journaltitle = {Computer Methods in Applied Mechanics and Engineering},
  shortjournal = {Comput. Methods Appl. Mech. Eng.},
  volume       = {196},
  number       = {35},
  year         = {2007},
  month        = jul,
  publisher    = {North-Holland}
}

@article{Long2014Oct,
  author       = {Long, R. and Mayumi, K. and Creton, C. and Narita, T. and Hui, C.-Y.},
  title        = {{Time Dependent Behavior of a Dual Cross-Link Self-Healing Gel: Theory and Experiments}},
  journaltitle = {Macromolecules},
  shortjournal = {Macromolecules},
  volume       = {47},
  number       = {20},
  year         = {2014},
  month        = oct,
  publisher    = {American Chemical Society}
}

@book{Truesdell1965,
  author    = {Truesdell, C. and Noll, W.},
  title     = {{The Non-Linear Field Theories of Mechanics}},
  journal   = {SpringerLink},
  year      = {1965},
  publisher = {Springer},
  address   = {Berlin, Germany},
  doi       = {}
}

@book{Zienkiewicz2014,
  author    = {Zienkiewicz, O. C. and Taylor, R. L. and Fox, D.},
  title     = {{The Finite Element Method for Solid and Structural Mechanics}},
  year      = {2014},
  isbn      = {},
  publisher = {Butterworth-Heinemann},
  address   = {Oxford, England, UK},
  doi       = {}
}

@book{Abaqus614,
  author    = {Dassault Syst√®mes Simulia Corp.},
  editor    = {},
  publisher = {},
  title     = {{ABAQUS Analysis User's Guide v.6.14}},
  year      = {2014}
}
  

@article{Kopp2006Oct,
  author  = {Kopp, J.},
  title   = {{Efficient numerical diagonalization of hermitian 3x3 matrices}},
  journal = {arXiv},
  year    = {2006},
  month   = oct,
  doi     = {}
}

@article{Bonet2015Jan,
  author       = {Bonet, J. and Gil, A. J. and Ortigosa, R.},
  title        = {{A computational framework for polyconvex large strain elasticity}},
  journaltitle = {Computer Methods in Applied Mechanics and Engineering},
  shortjournal = {Comput. Methods Appl. Mech. Eng.},
  volume       = {283},
  year         = {2015},
  month        = jan,
  publisher    = {North-Holland}
}